<record><leader>00000cas a22000007a 4500</leader><controlfield tag="001">1681402</controlfield><controlfield tag="008">751007d19201984mnuwr ne      0    0eng d</controlfield><datafield ind1=" " ind2=" " tag="010"><subfield code="a">sn 91059204 </subfield></datafield><datafield ind1=" " ind2=" " tag="040"><subfield code="a">MUL</subfield><subfield code="b">eng</subfield><subfield code="c">MUL</subfield><subfield code="d">NSD</subfield><subfield code="d">MN#</subfield><subfield code="d">OCLCQ</subfield><subfield code="d">OCLCF</subfield><subfield code="d">OCLCO</subfield></datafield><datafield ind1="1" ind2=" " tag="029"><subfield code="a">AU@</subfield><subfield code="b">000025888936</subfield></datafield><datafield ind1=" " ind2=" " tag="042"><subfield code="a">msc</subfield></datafield><datafield ind1=" " ind2=" " tag="043"><subfield code="a">n-us-mn</subfield></datafield><datafield ind1=" " ind2=" " tag="052"><subfield code="a">4144</subfield><subfield code="b">B32</subfield></datafield><datafield ind1=" " ind2=" " tag="052"><subfield code="a">4143</subfield><subfield code="b">S9</subfield></datafield><datafield ind1="0" ind2="0" tag="245"><subfield code="a">Swift County news.</subfield></datafield><datafield ind1=" " ind2=" " tag="260"><subfield code="a">Benson, Minn. :</subfield><subfield code="b">Swift County Farmers Pub. Co.,</subfield><subfield code="c">1920-1984.</subfield></datafield><datafield ind1=" " ind2=" " tag="300"><subfield code="a">64 v.</subfield></datafield><datafield ind1=" " ind2=" " tag="310"><subfield code="a">Weekly</subfield></datafield><datafield ind1="0" ind2=" " tag="362"><subfield code="a">Vol. 28, no. 27 (Aug. 19, 1920)-v. 91, no. 5 (Feb. 15, 1984).</subfield></datafield><datafield ind1=" " ind2=" " tag="530"><subfield code="a">Available on microfilm from the Minnesota Historical Society.</subfield></datafield><datafield ind1=" " ind2="0" tag="651"><subfield code="a">Swift County (Minn.)</subfield><subfield code="v">Newspapers.</subfield></datafield><datafield ind1=" " ind2="7" tag="655"><subfield code="a">Newspapers.</subfield><subfield code="2">fast</subfield><subfield code="0">(OCoLC)fst01423814</subfield></datafield><datafield ind1=" " ind2="7" tag="651"><subfield code="a">Minnesota</subfield><subfield code="z">Swift County.</subfield><subfield code="2">fast</subfield><subfield code="0">(OCoLC)fst01214846</subfield></datafield><datafield ind1=" " ind2=" " tag="752"><subfield code="a">United States</subfield><subfield code="b">Minnesota</subfield><subfield code="c">Swift</subfield><subfield code="d">Benson.</subfield></datafield><datafield ind1="0" ind2="0" tag="780"><subfield code="t">Swift County review</subfield><subfield code="w">(DLC)sn 91059206</subfield></datafield><datafield ind1="0" ind2="7" tag="785"><subfield code="t">Swift County monitor</subfield><subfield code="w">(DLC)sn 91059203</subfield></datafield><datafield ind1="0" ind2="7" tag="785"><subfield code="t">Swift County monitor-news</subfield><subfield code="w">(DLC)sn 84009671</subfield></datafield></record>